@misc{bridgewater,
  author       = {{Bridgewater Associates}},
  title        = {Bridgewater Associates Official Website},
  howpublished = {\url{https://www.bridgewater.com/}},
  note         = {Accessed: 2024-12-03}
}